@inproceedings{DBLP:conf/popl/SwamyHKRDFBFSKZ16,
  author       = {Nikhil Swamy and
                  Catalin Hritcu and
                  Chantal Keller and
                  Aseem Rastogi and
                  Antoine Delignat{-}Lavaud and
                  Simon Forest and
                  Karthikeyan Bhargavan and
                  C{\'{e}}dric Fournet and
                  Pierre{-}Yves Strub and
                  Markulf Kohlweiss and
                  Jean Karim Zinzindohoue and
                  Santiago Zanella B{\'{e}}guelin},
  editor       = {Rastislav Bod{\'{\i}}k and
                  Rupak Majumdar},
  title        = {Dependent types and multi-monadic effects in {F*}},
  booktitle    = {Proceedings of the 43rd Annual {ACM} {SIGPLAN-SIGACT} Symposium on
                  Principles of Programming Languages, {POPL} 2016, St. Petersburg,
                  FL, USA, January 20 - 22, 2016},
  pages        = {256--270},
  publisher    = {{ACM}},
  year         = {2016},
  url          = {https://doi.org/10.1145/2837614.2837655},
  doi          = {10.1145/2837614.2837655},
  timestamp    = {Sat, 30 Sep 2023 09:54:52 +0200},
  biburl       = {https://dblp.org/rec/conf/popl/SwamyHKRDFBFSKZ16.bib},
  bibsource    = {dblp computer science bibliography, https://dblp.org}
}

@phdthesis{norell:thesis,
  author  = {Ulf Norell},
  title	  = {Towards a practical programming language based on dependent type
	     theory},
  school  = {Department of Computer Science and Engineering, Chalmers University of Technology},
  year	  = 2007,
  month	  = {September},
  address = {SE-412 96 G\"{o}teborg, Sweden}
}

@Book{hottbook,
  author =    {The {Univalent Foundations Program}},
  title =     {Homotopy Type Theory: Univalent Foundations of Mathematics},
  publisher = {\url{https://homotopytypetheory.org/book}},
  address =   {Institute for Advanced Study},
  year =      2013
}


@incollection{mltt75,
title = {An Intuitionistic Theory of Types: Predicative Part},
editor = {H.E. Rose and J.C. Shepherdson},
series = {Studies in Logic and the Foundations of Mathematics},
publisher = {Elsevier},
volume = {80},
pages = {73-118},
year = {1975},
booktitle = {Logic Colloquium '73},
issn = {0049-237X},
doi = {10.1016/S0049-237X(08)71945-1},
url = {https://doi.org/10.1016/S0049-237X(08)71945-1},
author = {Per Martin-LÃ¶f},
}

@article{girard:thesis,
  title={Interpr{\'e}tation fonctionnelle et {\'e}limination des coupures de l'arithm{\'e}tique d'ordre sup{\'e}rieur},
  author={Girard, Jean-Yves},
  year={1972},
  school={Universit{\'e} Paris VII}
}


@software{coq,
  author       = {The {C}oq Development Team},
  title        = {The {C}oq Proof Assistant},
  month        = jul,
  year         = 2023,
  publisher    = {Zenodo},
  version      = {8.17},
  doi          = {10.5281/zenodo.8161141},
  url          = {https://doi.org/10.5281/zenodo.8161141}
}

@inproceedings{DBLP:conf/tlca/Hurkens95,
  author       = {Antonius J. C. Hurkens},
  editor       = {Mariangiola Dezani{-}Ciancaglini and
                  Gordon D. Plotkin},
  title        = {A Simplification of {G}irard's Paradox},
  booktitle    = {Typed Lambda Calculi and Applications, Second International Conference
                  on Typed Lambda Calculi and Applications, {TLCA} '95, Edinburgh, UK,
                  April 10-12, 1995, Proceedings},
  series       = {Lecture Notes in Computer Science},
  volume       = {902},
  pages        = {266--278},
  publisher    = {Springer},
  year         = {1995},
  url          = {https://doi.org/10.1007/BFb0014058},
  doi          = {10.1007/BFB0014058},
  timestamp    = {Tue, 14 May 2019 10:00:41 +0200},
  biburl       = {https://dblp.org/rec/conf/tlca/Hurkens95.bib},
  bibsource    = {dblp computer science bibliography, https://dblp.org}
}
